<?xml version="1.0" encoding="UTF-8"?><collection xmlns="http://www.loc.gov/MARC21/slim"><record><leader>00572nam--2200169-i-4500</leader><controlfield tag="001">000011388</controlfield><controlfield tag="002">20161230</controlfield><controlfield tag="005">20161230201029</controlfield><controlfield tag="008">060222s1000------------r-----000-0-eng-d</controlfield><datafield ind1=" " ind2=" " tag="040"><subfield code="a">IFIN-HH</subfield></datafield><datafield ind1=" " ind2=" " tag="080"><subfield code="a">532.783(061.3)</subfield></datafield><datafield ind1="1" ind2=" " tag="100"><subfield code="a">Brown, Glenn H</subfield></datafield><datafield ind1="1" ind2="0" tag="245"><subfield code="a">Liquid crystals 2</subfield><subfield code="b">PROCEEDINGS OF THE 2ND INTERNATIONAL LIQUID CRYSTAL CONFERENCE HELD AT KENT STATE UNIVERSITY, AUG.12-16, 1968. Part 1</subfield><subfield code="c">Edited By Glenn H. Brown</subfield></datafield><datafield ind1=" " ind2=" " tag="260"><subfield code="a">London, Gordon And Breach Science Publishers, 1968</subfield></datafield><datafield ind1=" " ind2=" " tag="300"><subfield code="a">X + 242 P</subfield></datafield><datafield ind1=" " ind2=" " tag="852"><subfield code="a">42291</subfield><subfield code="c">532</subfield></datafield><datafield ind1=" " ind2=" " tag="CAT"><subfield code="a">Sys</subfield><subfield code="c">20100720</subfield><subfield code="h">123016</subfield></datafield></record></collection>